@misc{wiki:pt:elasticsearch,
	title = {ElasticSearch},
	key = {Wikipedia},
	howpublished = {https://pt.wikipedia.org/wiki/ElasticSearch},
	url = {https://pt.wikipedia.org/wiki/ElasticSearch},
	urldate = {2017-03-15},
	note = {Accessed: 2017-03-15},
	year = {2017a}
}
@misc{wiki:en:elasticsearch,
	title = {Elasticsearch},
	key = {Wikipedia},
	howpublished = {https://en.wikipedia.org/wiki/Elasticsearch},
	url = {https://en.wikipedia.org/wiki/Elasticsearch},
	urldate = {2017-03-15},
	note = {Accessed: 2017-03-15},
	year = {2017b}
}
@misc{elasticsearch:cos,
	title = {Center for Open Science},
	key = {Elastic Use Case},
	howpublished = {https://www.elastic.co/use-cases/center-open-science},
	url = {https://www.elastic.co/use-cases/center-open-science},
	urldate = {2017-03-15},
	note = {Accessed: 2017-03-15},
	year = {2017}
}